@BOOK{bjorner,
 AUTHOR = {Dines Bjorner},
 TITLE = {Software {E}ngineering 2: {S}pecification of {S}ystems and {L}anguages},
 PUBLISHER = {Springer},
 YEAR = 2006
}
@BOOK{gof,
 AUTHOR = {Gamma, E. and Helm, R. and Johnson, R. and Vlissides, J.},
 TITLE = {Design {P}atterns - {E}lements of {R}eusable {O}bject
                 {O}riented {S}oftware},
 PUBLISHER = {Addison-Wesley},
 YEAR = 1995,
 ANNOTE = {Original book, a must in the field}
}