@BOOK{bjorner,
 AUTHOR = {Dines Bjorner},
 TITLE = {Software {E}ngineering 2: {S}pecification of {S}ystems and {L}anguages},
 PUBLISHER = {Springer},
 YEAR = 2006
}
@BOOK{gof,
 AUTHOR = {Gamma, E. and Helm, R. and Johnson, R. and Vlissides, J.},
 TITLE = {Design {P}atterns - {E}lements of {R}eusable {O}bject
                 {O}riented {S}oftware},
 PUBLISHER = {Addison-Wesley},
 YEAR = 1995,
 ANNOTE = {Original book, a must in the field}
}

@article{BoMa02,
  author =       {Sjouke Mauw and Victor Bos},
  title =        {Drawing {M}essage {S}equence {C}harts with {\LaTeX}},
  journal =      {TUGBoat},
  year =         2001,
  volume =       22,
  number =       {1-2},
  pages =        {87--92},
  month =        {March/June},
  url = "ftp://ftp.win.tue.nl/pub/techreports/sjouke/tbmsc.ps.Z"
}

@Misc{web:mscpackage,
  key = {www.win.tue.nl/~sjouke/misc/mscpackage/},
  title = {A LaTeX macro package for drawing Message Sequence Charts},
  howpublished = {\url{http://www.win.tue.nl/~sjouke/misc/mscpackage/}},
}

@article{Dobing:2006:UU:1125944.1125949,
 author = {Dobing, Brian and Parsons, Jeffrey},
 title = {How UML is used},
 journal = {Commun. ACM},
 volume = {49},
 issue = {5},
 month = {May},
 year = {2006},
 issn = {0001-0782},
 pages = {109--113},
 numpages = {5},
 url = {http://doi.acm.org/10.1145/1125944.1125949},
 doi = {http://doi.acm.org/10.1145/1125944.1125949},
 acmid = {1125949},
 publisher = {ACM},
 address = {New York, NY, USA},
} 
